<collection xmlns="http://www.loc.gov/MARC21/slim"><record><leader>00895nam  2200253   450</leader><controlfield tag="001">546</controlfield><controlfield tag="003">http://montalegre.opacnet.com/OPAC/default.aspx?ContentAreaControl=ShowRegHoldings.ascx&amp;RegNo=16662</controlfield><datafield tag="021" ind1=" " ind2=" "><subfield code="a">PT</subfield><subfield code="b">21034/88</subfield></datafield><datafield tag="095" ind1=" " ind2=" "><subfield code="a">PTBN00123540</subfield></datafield><datafield tag="100" ind1=" " ind2=" "><subfield code="a">19890317d1988    m  y0pora010305  ba</subfield></datafield><datafield tag="101" ind1="1" ind2=" "><subfield code="a">por</subfield><subfield code="c">fre</subfield></datafield><datafield tag="102" ind1=" " ind2=" "><subfield code="a">PT</subfield></datafield><datafield tag="105" ind1=" " ind2=" "><subfield code="a">y   z   001yy</subfield></datafield><datafield tag="106" ind1=" " ind2=" "><subfield code="a">r</subfield></datafield><datafield tag="200" ind1="1" ind2=" "><subfield code="a">Boatos</subfield><subfield code="e">&lt;o &gt;meio de comunicacao mais velho do mundo</subfield><subfield code="f">Jean-Noel Kapferer</subfield><subfield code="g">trad. Maria Adelaide Namorado Freire</subfield></datafield><datafield tag="210" ind1=" " ind2=" "><subfield code="a">Mem Martins</subfield><subfield code="c">Europa-América</subfield><subfield code="d">D.L. 1988</subfield></datafield><datafield tag="215" ind1=" " ind2=" "><subfield code="a">253, [1] p.</subfield><subfield code="d">21 cm</subfield></datafield><datafield tag="225" ind1="2" ind2=" "><subfield code="a">Estudos e documentos</subfield><subfield code="v">238</subfield></datafield><datafield tag="304" ind1=" " ind2=" "><subfield code="a">Tit. orig. : Rumeurs : le plus vieux media du monde</subfield></datafield><datafield tag="675" ind1=" " ind2=" "><subfield code="a">659.3</subfield><subfield code="v">BN</subfield><subfield code="z">por</subfield></datafield><datafield tag="700" ind1=" " ind2="1"><subfield code="a">Kapferer</subfield><subfield code="b">Jean-Noel</subfield></datafield><datafield tag="702" ind1=" " ind2="1"><subfield code="a">Freire</subfield><subfield code="b">Maria Adelaide Namorado</subfield><subfield code="4">730</subfield></datafield><datafield tag="801" ind1=" " ind2="0"><subfield code="a">PT</subfield><subfield code="b">Biblioteca Municipal de Montalegre</subfield><subfield code="g">RPC</subfield></datafield><datafield tag="856" ind1=" " ind2=" "><subfield code="u">locateMedia.asp?cod=20060518110223&amp;ext=jpg</subfield><subfield code="z">CAPA</subfield></datafield><datafield tag="909" ind1="&#9;" ind2=" "><subfield code="a">1</subfield></datafield><datafield tag="966" ind1=" " ind2=" "><subfield code="a">0008706</subfield><subfield code="l">BMM</subfield><subfield code="s">SCG 821 KAP boa 238</subfield></datafield></record></collection>